@manual{sample,
  author = {TU Dortmund},
  title = {V48-Dipolrelaxation in Ionenkristallen},
  year = 2021
}
@book{Buch,
  author = {R. Muccillo und J. Rolfe},
  title = {"Effect of Irradiation on Impurity–Vacancy Dipoles in KBr Crystals Doped with Strontium". In: physica status solidi (b) 61.2 (), S. 579–587},
  url = {https://onlinelibrary.wiley.com/doi/abs/10.1002/pssb.2220610223},
}