@manual{sample,
  author = {TU Dortmund},
  title = {Versuchsanleitung V47 Temperaturabhängigkeit der Molwärme von Festkörpern},
  year = 2022
}

@manual{Lit,
  author = {Charles Kittel},
  title = {Einführung in die Festkörperphysik},
  year = 2005
}
